@misc{who-pandemic-defn,
    title = {What is a pandemic?},
    author = {World Health Organization (WHO)},
    howpublished = {Published on \url{https://www.who.int/csr/disease/swineflu/frequently_asked_questions/pandemic/en/} on 24 February, 2010}
}

@misc{covid-underreporting,
    title = {By How Much Are Countries Underreporting COVID-19 Cases and Deaths?},
    author = {Felter, Claire},
    howpublished = {Accessed from \url{https://www.cfr.org/in-brief/how-much-are-countries-underreporting-covid-19-cases-and-deaths}}
}

@misc{wiki-stock,
    title = {Stock market prediction},
    author = {Wikipedia},
    howpublished = {Accessed from \url{https://en.wikipedia.org/wiki/Stock_market_prediction} on 1st June, 2021}
}

@misc{wiki-stock-crash,
    title = {2020 stock market crash},
    author = {Wikipedia},
    howpublished = {Accessed from \url{https://en.wikipedia.org/wiki/2020_stock_market_crash} on 1st June, 2021}
}

@article{guru2021covid,
  title={COVID-19 and uncertainty spillovers in Indian stock market},
  author={Guru, Biplab Kumar and Das, Amarendra},
  journal={MethodsX},
  volume={8},
  pages={101199},
  year={2021},
  publisher={Elsevier}
}

@article{salisu2020predicting,
  title={Predicting stock returns in the presence of COVID-19 pandemic: The role of health news},
  author={Salisu, Afees A and Vo, Xuan Vinh},
  journal={International Review of Financial Analysis},
  volume={71},
  pages={101546},
  year={2020},
  publisher={Elsevier}
}


@article{bick2020work,
  title={Work from home after the COVID-19 Outbreak},
  author={Bick, Alexander and Blandin, Adam and Mertens, Karel},
  year={2020},
  publisher={CEPR Discussion Paper No. DP15000}
}

@article{chen2020impact,
  title={The impact of the COVID-19 pandemic on user experience with online education platforms in China},
  author={Chen, Tinggui and Peng, Lijuan and Jing, Bailu and Wu, Chenyue and Yang, Jianjun and Cong, Guodong},
  journal={Sustainability},
  volume={12},
  number={18},
  pages={7329},
  year={2020},
  publisher={Multidisciplinary Digital Publishing Institute}
}

@article{Lau-2020,
doi	= {10.1016/j.pulmoe.2020.05.015},
title	= {Evaluating the massive underreporting and undertesting of COVID-19 cases in multiple global epicenters},
author	= {Lau, H and Khosrawipour, T and Kocbach, P and Ichii, H  Bania, J and Khosrawipour, V},
journal	= {Pulmonology},
issnp	= {2531-0437},
year	= {2020},
month	= {6},
url =       {http://gen.lib.rus.ec/scimag/index.php?s=10.1016/j.pulmoe.2020.05.015},
}



@misc{wiki-covid-syndrome,
title = {Severe acute respiratory syndrome coronavirus 2},
author = {Wikipedia},
howpublished = {Accessed from \url{https://en.wikipedia.org/wiki/Severe_acute_respiratory_syndrome_coronavirus_2} on 1st June, 2021}
}

@misc{yahoo-finance,
title = {Daily Historical Stock Prices},
author = {Yahoo Finance},
howpublished = {Accessed from \url{https://in.finance.yahoo.com/} on 25th May, 2021}
}


@misc{nasdaq, 
    title={Daily Stock Market Overview, Data Updates, Reports \& News}, 
    howpublished = {\url{https://www.nasdaq.com/}},
    author = {NASDAQ}
}

@misc{coviddata,
title = {COVID-19 Data Repository by the Center for Systems Science and Engineering (CSSE)},
author = {Johns Hopkins University},
url = {\url{https://github.com/CSSEGISandData/COVID-19}}
}


@misc{google-trends,
  author = {Google LLC},
  title = {Google Trends},
  howpublished = {Accessed from \url{http://trends.google.com/trends} on 25th May, 2021},
  year = 2021
}


@article{fox2002time,
  title={Time-series regression and generalized least squares},
  author={Fox, John},
  journal={An R S-PLUS Companion to Appl. Regres. Thousand Oaks, CA},
  pages={1--8},
  year={2002}
}
